@book{bagrinovsky,
	author = {К. А. Багриновский and В. М. Матюшок},
	year = {1999},
	title = {Экономико-математические методы и модели (микроэкономика)},
	subtitle = {Учеб. пособие},
	publisher = {Изд-во РУДН},
	address = {М.},
	pages = {106--148},
	language = {russian},
	hyphenation = {russian}
	}

@book{ermakov,
	title = {Общий курс высшей математики для экономистов},
	subtitle = {Учебник},
	editor = {В. И. Ермакова},
	location = {М.},
	publisher = {ИНФРА-М},
	year = {2000},
	pagetotal = {656},
	pages = {516--636},
	language = {russian},
	hyphenation = {russian}

}

@book{kremer-opti,
	credits = {Н. Ш. Кремер, Б. А. Путко, И. М. Тришин, М. Н. Фридман ; под ред. проф. Н. Ш. Кремера},
	year = {2002},
	title = {Исследование операций в экономике},
	subtitle = {Учебн. пособие для вузов},
	publisher = {ЮНИТИ},
	address = {М.},
	pagetotal = {407},
	pages = {16--26, 55-97, 123--150, 173--188, 286--320, 333--368},
	language = {russian},
	hyphenation = {russian}
	}

@book{kremer-math,
	credits = {Н. Ш. Кремер, Б. А. Путко, И. М. Тришин, М. Н. Фридман ; под ред. проф. Н. Ш. Кремера},
	year = {2004},
	title = {Высшая математика для экономистов},
	subtitle = {Учебн. пособие для вузов},
	edition = {2-е изд., перераб. и доп.},
	publisher = {ЮНИТИ},
	address = {М.},
	pagetotal = {471},
	pages = {56--60},
	language = {russian},
	hyphenation = {russian}
	}

@book{kremer-pr,
	credits = {Н. Ш. Кремер, И. М. Тришин, Б. А. Путко и др. ; под ред. проф. Н. Ш. Кремера},
	year = {2002},
	title = {Практикум по высшей математике для экономистов},
	subtitle = {Учебн. пособие для вузов},
	edition = {2-е изд., перераб. и доп.},
	publisher = {ЮНИТИ-ДАНА},
	address = {М.},
	pagetotal = {213},
	pages = {49--54},
	language = {russian},
	hyphenation = {russian}
	}	

@book{krass,
	author = {М. С. Красс and Б. П. Чупрынов},
	title = {Математика для экономистов},
	year = {2005},
	publisher = {Питер},
	location = {СПб.},
	pagetotal = {464},
	pages = {55--61, 234--244, 259--301},
	language = {russian},
	hyphenation = {russian}
}

@book{solodovnikov,
	author = {А. С. Солодовников and В. А. Бабайцев and А. В. Браилов},
	title = {Математика в экономике},
	subtitle = {Учебник},
	parts = {2},
	part = {1},
	year = {2000},
	publisher = {Финансы и статистика},
	location = {М.},
	pagetotal = {224},
	pages = {63--75, 127--187},
	language = {russian},
	hyphenation = {russian}
}

@book{fedoseev,
	title = {Экономико-математические методы и прикладные модели},
	subtitle = {Учеб. пособие для вузов},
	credits = {В. В. Федосеев, А. Н. Гармаш, Д. М. Дайитбегов и др.},
	editor = {В. В. Федосеева},
	year = {1999},
	location = {М.},
	publisher = {ЮНИТИ},
	pagetotal = {391},
	pages = {20--67, 90--102, 127--144, 237--248},
	language = {russian},
	hyphenation = {russian}
}

@book{krass2,
	author = {М. С. Красс and Б. П. Чупрынов},
	title = {Математические методы и модели для магистрантов экономики},
	subtitle = {Учебное пособие},
	year = {2006},
	publisher = {Питер},
	location = {СПб.},
	pagetotal = {496},
	pages = {16--38, 51--66},
	language = {russian},
	hyphenation = {russian}
}

@book{mezentsev,
	author = {Ю. А. Мезенцев},
	title = {Экономико-математические методы},
	subtitle = {Учеб. пособие},
	year = {2004},
	publisher = {Изд-во НГТУ},
	location = {Новосибирск},
	pagetotal = {212},
	pages = {4--10, 24--63},
	language = {russian},
	hyphenation = {russian}
}





@book{berezhnaya,
	author = {Е. В. Бережная and В. И. Бережной},
	year = {2006},
	title = {Математические методы моделирования экономических систем},
	publisher = {Финансы и статистика},
	edition = {2-е изд., перераб. и доп.},
	address = {М.},
	pagetotal = {432},
	pages = {188--294},
	language = {russian},
	hyphenation = {russian}
	}




@book{kuz,
	author = {А. В. Кузнецов and В. А. Сакович and Н. И. Холод},
	year = {1994},
	title = {Математическое программирование},
	publisher = {Вышэйшая школа},
	address = {Минск},
	editor = {А. В. Кузнецова},
	pages = {11--63, 81--105, 143--160},
	language = {russian},
	hyphenation = {russian}
}
